<record><leader>00000cas a2200000 a 4500</leader><controlfield tag="001">10472681</controlfield><controlfield tag="008">840229d18881893ksuwr ne      0   a0eng d</controlfield><datafield ind1=" " ind2=" " tag="010"><subfield code="a">sn 84029010 </subfield></datafield><datafield ind1=" " ind2=" " tag="040"><subfield code="a">KSH</subfield><subfield code="b">eng</subfield><subfield code="c">KSH</subfield><subfield code="d">NPT</subfield><subfield code="d">CNK</subfield><subfield code="d">OCL</subfield><subfield code="d">OCLCQ</subfield></datafield><datafield ind1=" " ind2=" " tag="042"><subfield code="a">msc</subfield></datafield><datafield ind1=" " ind2=" " tag="043"><subfield code="a">n-us-ks</subfield></datafield><datafield ind1="0" ind2=" " tag="130"><subfield code="a">Fair play (Arkansas City, Kan.)</subfield></datafield><datafield ind1="1" ind2="4" tag="245"><subfield code="a">The fair play.</subfield></datafield><datafield ind1="3" ind2="0" tag="246"><subfield code="a">Weekly fair play</subfield></datafield><datafield ind1=" " ind2=" " tag="260"><subfield code="a">Arkansas City, Kan. :</subfield><subfield code="b">A.D. Marble &amp; J.R. Furlong,</subfield><subfield code="c">1888-1893.</subfield></datafield><datafield ind1=" " ind2=" " tag="300"><subfield code="a">5 v. :</subfield><subfield code="b">ill. ;</subfield><subfield code="c">37-60 cm.</subfield></datafield><datafield ind1=" " ind2=" " tag="310"><subfield code="a">Weekly</subfield></datafield><datafield ind1="0" ind2=" " tag="362"><subfield code="a">Vol. 1, no. 1 (June 14, 1888)-v. 5, no. 27 (Jan. 6, 1893).</subfield></datafield><datafield ind1=" " ind2=" " tag="500"><subfield code="a">Publisher varies.</subfield></datafield><datafield ind1=" " ind2=" " tag="500"><subfield code="a">Published as: Weekly fair play, Apr. 10-May 15, 1891.</subfield></datafield><datafield ind1=" " ind2=" " tag="500"><subfield code="a">"Union Labor."</subfield></datafield><datafield ind1=" " ind2=" " tag="752"><subfield code="a">United States</subfield><subfield code="b">Kansas</subfield><subfield code="c">Cowley</subfield><subfield code="d">Arkansas City.</subfield></datafield></record>